<?xml version="1.0" encoding="UTF-8"?><collection xmlns="http://www.loc.gov/MARC21/slim"><record><leader>00502nam--2200193-i-4500</leader><controlfield tag="001">000019543</controlfield><controlfield tag="002">20161230</controlfield><controlfield tag="005">20161230201033</controlfield><controlfield tag="008">060222s1000------------r-----000-0-rus-d</controlfield><datafield ind1=" " ind2=" " tag="040"><subfield code="a">IFIN-HH</subfield></datafield><datafield ind1=" " ind2=" " tag="041"><subfield code="a">rus</subfield></datafield><datafield ind1=" " ind2=" " tag="080"><subfield code="a">519.869</subfield></datafield><datafield ind1="1" ind2=" " tag="100"><subfield code="a">Stoian, Iu.G</subfield></datafield><datafield ind1="1" ind2="0" tag="245"><subfield code="a">Periodiceskoe razmesenie geometriceskih obiektov</subfield><subfield code="c">Iu.g. stoian, a.a. panasenko</subfield></datafield><datafield ind1=" " ind2=" " tag="260"><subfield code="a">Kiev</subfield><subfield code="b">Naukova Dumka</subfield><subfield code="c">1978</subfield></datafield><datafield ind1=" " ind2=" " tag="300"><subfield code="a">174P</subfield></datafield><datafield ind1="1" ind2=" " tag="700"><subfield code="a">Panasenko, A.A</subfield></datafield><datafield ind1=" " ind2=" " tag="852"><subfield code="a">46171</subfield><subfield code="c">519.3</subfield></datafield><datafield ind1=" " ind2=" " tag="CAT"><subfield code="a">Sys</subfield><subfield code="c">20130808</subfield><subfield code="h">171115</subfield></datafield></record></collection>